@article{DBLP:journals/cic/PopeRRSS25,
  author       = {Giacomo Pope and
                  Krijn Reijnders and
                  Damien Robert and
                  Alessandro Sferlazza and
                  Benjamin Smith},
  title        = {Simpler and Faster Pairings from the Montgomery Ladder},
  journal      = {{IACR} Commun. Cryptol.},
  volume       = {2},
  number       = {2},
  pages        = {29},
  year         = {2025},
  url          = {https://doi.org/10.62056/ah2i893y6},
  doi          = {10.62056/AH2I893Y6},
  timestamp    = {Sat, 09 Aug 2025 12:16:10 +0200},
  biburl       = {https://dblp.org/rec/journals/cic/PopeRRSS25.bib},
  bibsource    = {dblp computer science bibliography, https://dblp.org}
}

